<record xmlns="http://www.loc.gov/MARC21/slim" xmlns:xsi="http://www.w3.org/2001/XMLSchema-instance" xsi:schemaLocation="http://www.loc.gov/MARC21/slim http://www.loc.gov/standards/marcxml/schema/MARC21slim.xsd">

  <leader>00443nam a2200157Ia 4500</leader>
  <datafield ind1=" " ind2=" " tag="999">
    <subfield code="c">1215</subfield>
    <subfield code="d">1215</subfield>
  </datafield>
  <controlfield tag="008">170511b1996    s.l||||| |||| 00| | en  d</controlfield>
  <datafield ind2=" " tag="090" ind1=" ">
    <subfield code="a">01.01.04 </subfield>
    <subfield code="b">461</subfield>
  </datafield>
  <datafield tag="100" ind2=" " ind1="1">
    <subfield code="a">Harrell, Adele</subfield>
    <subfield code="9">2732</subfield>
  </datafield>
  <datafield ind2="0" tag="245" ind1="1">
    <subfield code="a">Evaluating programs for vulnerable children and youth</subfield>
  </datafield>
  <datafield ind1=" " ind2=" " tag="260">
    <subfield code="a">[s.l.] : </subfield>
    <subfield code="b">Banco Mundial, </subfield>
    <subfield code="c">1996</subfield>
  </datafield>
  <datafield ind1=" " ind2=" " tag="300">
    <subfield code="a">54 páginas</subfield>
  </datafield>
  <datafield tag="650" ind2="4" ind1="1">
    <subfield code="9">969</subfield>
    <subfield code="a">EVALUACIÓN DE PROGRAMAS</subfield>
  </datafield>
  <datafield tag="650" ind2="4" ind1="1">
    <subfield code="9">59</subfield>
    <subfield code="a">NIÑOS</subfield>
  </datafield>
  <datafield tag="650" ind2="4" ind1="1">
    <subfield code="9">60</subfield>
    <subfield code="a">NIÑAS</subfield>
  </datafield>
  <datafield ind1=" " tag="942" ind2=" ">
    <subfield code="2">z</subfield>
    <subfield code="c">01</subfield>
  </datafield>
</record>